<record><leader>00000cas a2200000Ia 4500</leader><controlfield tag="001">8674383</controlfield><controlfield tag="008">820810c19669999ohudn n      s0   a0eng d</controlfield><datafield ind1=" " ind2=" " tag="010"><subfield code="a">sn 89076165 </subfield></datafield><datafield ind1=" " ind2=" " tag="040"><subfield code="a">OUN</subfield><subfield code="c">OUN</subfield><subfield code="d">ONP</subfield><subfield code="d">OCLCQ</subfield></datafield><datafield ind1=" " ind2=" " tag="043"><subfield code="a">n-us-oh</subfield></datafield><datafield ind1=" " ind2=" " tag="090"><subfield code="a">LD4191.O82</subfield><subfield code="b">G7x</subfield></datafield><datafield ind1="0" ind2=" " tag="130"><subfield code="a">Post (Athens, Ohio)</subfield></datafield><datafield ind1="1" ind2="4" tag="245"><subfield code="a">The Post.</subfield></datafield><datafield ind1=" " ind2=" " tag="260"><subfield code="a">Athens, Ohio :</subfield><subfield code="b">Ohio University,</subfield><subfield code="c">1966-</subfield></datafield><datafield ind1=" " ind2=" " tag="300"><subfield code="a">v. :</subfield><subfield code="b">ill. ;</subfield><subfield code="c">42 cm.</subfield></datafield><datafield ind1=" " ind2=" " tag="310"><subfield code="a">5 times a week (during the school year)</subfield></datafield><datafield ind1="0" ind2=" " tag="362"><subfield code="a">Vol. 56, no. 1 (Sept. 14, 1966)-</subfield></datafield><datafield ind1="2" ind2="0" tag="610"><subfield code="a">Ohio University</subfield><subfield code="v">Newspapers.</subfield></datafield><datafield ind1="2" ind2=" " tag="710"><subfield code="a">Ohio University.</subfield></datafield><datafield ind1="0" ind2="0" tag="780"><subfield code="t">Ohio University post</subfield><subfield code="w">(DLC)sn 87075207</subfield></datafield><datafield ind1=" " ind2=" " tag="994"><subfield code="a">11</subfield><subfield code="b">OCL</subfield><subfield code="i">00002</subfield></datafield></record>